@mvbook{nsf20503,
number = {2020-2022},
usera = {NSF},
userb = {AI Institute: Planning: BI4ALL: Understanding Biological},
url = {www.google.com},
series = {NSF 20-503},
author = {K. Kording},
userc = {Co-Investigator},
month = {10},
year = {2020},
userd = {01-Oct-2020 to 31-Jul-2022},
usere = {N/A},
userf = {\$79,629 (direct)},
abstract = {The goal of this project is to plan an AI institution via several meetings and workshops},
keywords = {current}
}

@mvbook{nsf20540,
number = {2020-2025},
usera = {NSF},
userb = {Collaborative Research: Transferable, Hierarchical, Expensive, Optimal, Robust, Interpretable Networks},
series = {NSF 20-540},
author = {R Vidal},
userc = {Co-Investigator},
month = {9},
year = {2020},
userd = {01-Sep-2020 to 31-Aug-2025},
usere = {\$1,650,000 (direct)},
userf = {\$660,000 (direct)},
abstract = {The goal of this project is to develop a mathematical, statistical and computational frame-
work that helps explain the success of current network arcitectures, understand its pitfalls,
and guide the design of novel architectures with guaranteed confidence, robustness, inter-
pretability, optimality, and transferability},
keywords = {current}
}

@mvbook{nsf2014862,
number = {2020-2025},
usera = {NSF},
userb = {NeuroNex2: Enabling Identification and Impact of Synaptic Weight in Functional Networks},
series = {NSF 2014862},
author = {K Harris},
userc = {Co-Investigator},
month = {4},
year = {2020},
userd = {01-Apr-2020 to 31-Mar-2025},
usere = {\$609,294 (direct) \$997,719 (total)},
userf = {\$121,587 (direct) \$199,543 (total)},
abstract = {The goal is to develop the requisite technology to understand the impact of synaptic weight on functional networks},
keywords = {current}
}

@mvbook{nihmh19147,
number = {2020-2023},
usera = {NIH},
userb = {Graspy: A python package for rigorous statistical analysis of populations of attributed connectomes},
series = {NIH MH-19-147},
author = {J. Vogelstein},
userc = {Principal Investigator},
month = {7},
year = {2020},
userd = {01-Jul-2020 to 30-Jun-2023},
usere = {\$861,240 (direct) \$1,416,279 (total)},
userf = {\$283,301 (direct) \$471,082 (total)},
abstract = {The goal of this project is to establish a state-of-the-art toolbox for analysis of connectomes,
spanning taxa, scale, and complexity. we will develop and extend implementations to enable
neurobiologists to (1) estimate latent structure from attributed connectomes, (2) identify
meaningful clusters among populations of connectomes, and (3) detect relationships be-
tween connectomes and multivariate phenotypes},
keywords = {current}
}

@mvbook{nsf17537,
number = {2020-2025},
usera = {NSF},
userb = {CAREER: Foundational Statistical Theory and Methods for Analysis of Populations of Attributed Connectomes},
series = {NSF 17-537},
author = {J. Vogelstein},
userc = {Principal Investigator},
month = {1},
year = {2020},
userd = {01-Jan-2020 to 31-Dec-2025},
usere = {\$630,230 (total) \$384,873 (direct)},
userf = {\$126,046 (total) \$76,975 (direct)},
abstract = {The goal is to establish foundaitonal theory and methods for analyzing populations of attributed connectomes},
keywords = {current}
}

@mvbook{nihr01ag066,
number = {2019-2023},
usera = {NIH},
userb = {Brain Networks in Mouse Models of Aging},
series = {NIH RO1AG066184-01},
author = {A. Badea},
userc = {Co-Investigator},
month = {12},
year = {2019},
userd = {01-Dec-2019 to 30-Nov-2023},
usere = {N/A},
userf = {\$205,998},
abstract = {The goal of this grant is to generate connectomes and RNA-seq transcriptomes to characterize and differentiate APOE mice as a model of aging},
keywords = {current}
}


@mvbook{nihrfamh19148,
number = {2019-2022},
usera = {NIH},
userb = {Accessible technologies for high-throughput, whole-brain reconstructions of molecularly characterized mammalian neurons},
series = {NIH RFA-MH-19-148},
author = {M. Muller},
userc = {Co-Investigator},
month = {9},
year = {2019},
userd = {01-Sep-2019 to 31-Aug-2022},
usere = {\$1,180,445 (total) \$753,974 (direct)},
userf = {\$383,482 (total) \$251,325 (direct)},
abstract = {The overall goal of the proposal is to develop technologies for the brain wide reconstruction
of axonal arbors of molecularly defined neurons. The proposal aims at overcoming barriers in
neuronal labeling, imaging and computation to achieve this goal, and to develop a technology
platform that can be scaled to all neurons of the brain},
keywords = {current}
}

@mvbook{nihr01mh120482,
number = {2019-2020},
usera = {NIH},
userb = {Reproducible imaging-based brain growth charts for psychiatry},
series = {NIH R01MH120482-01},
author = {T. Satterthwaite},
userc = {Co-Investigator},
month = {8},
year = {2019},
userd = {01-Aug-2019 to 31-May-2020},
usere = {\$362,861 (total) \$231,276 (direct)},
userf = {N/A},
abstract = {Aggregate, harmonize, and analyze existing large-scale pediatric neuroimaging datasets to
identify normative and clinical brain growth curves},
keywords = {complete}
}

@mvbook{microsoftgift,
number = {2019 --},
usera = {Microsoft},
userb = {Microsoft Research Award},
series = {},
author = {J. Vogelstein},
userc = {Principal Investigator},
month = {1},
year = {2019},
userd = {Unrestricted Gift},
usere = {\$50,000 (total)},
userf = {N/A},
abstract = {Research and development of neuroscience and connectomes around neuronal circuit and
system modeling, application of time-series-of-graphs and dynamics to neuronal signaling
analysis and connectomes, and in the abstractions of matter, math, machines that point
toward complex systems composed of low-level components},
keywords = {current}
}

@mvbook{nsf1807369,
number = {2018 -- 2021},
usera = {NSF},
userb = {SemiSynBio: Collaborative Research: YeastOns: Neural Networks Implemented in Communication Yeast Cells},
series = {NSF 1807369},
author = {E. Schulman},
userc = {Co-Investigator},
month = {7},
year = {2018},
userd = {16-Jul-2018 to 30-Jun-2021},
usere = {\$263,942 (total) \$172,971 (direct)},
userf = {\$87,980 (total) \$57,657 (direct)},
abstract = {Provide neuroscience and machine learning expertise to guide the design of the computa-
tional learning capabilities of the system},
keywords = {complete}
}

@mvbook{fa86501827834,
number = {2017 -- 2021},
usera = {DARPA},
userb = {Lifelong Learning Forests},
series = {FA8650-18-2-7834},
author = {J. Vogelstein},
userc = {Principal Investigator},
month = {11},
year = {2017},
userd = {01-Nov-2017 to 31-Oct-2021},
usere = {\$1,839,308 (total) \$1,123,474 (direct)},
userf = {\$199,179 (total) \$121,667 (direct)},
abstract = {Lifelong Learning Forests (L2Fs) will learn continuously, selectively adapting to new environ-
ments and circumstances utilizing top-down feedback to impact low-level processing, with
provable statistical guarantees, while maintaining computational tractability at scale},
keywords = {current}
}

@mvbook{fa86501827834_1,
number = {2017 -- 2021},
usera = {DARPA},
userb = {Continual Learning Across Synapses, Circuits, and Brain Areas},
series = {FA8650-18-2-7834},
author = {A. Tolias},
userc = {Co-Investigator},
month = {11},
year = {2017},
userd = {01-Nov-2017 to 30-Oct-2021},
usere = {\$796,715 (total) \$486,666 (direct)},
userf = {\$199,179 (total) \$121,667 (direct)},
abstract = {Develop the pre-processing analysis pipeline for the imaging data collected in this project},
keywords = {current}
}

@mvbook{nsf1707298,
number = {2017 -- 2020},
usera = {NSF},
userb = {NeuroNex Innovation Award: Towards Automatic Analysis of Multi-Terabyte Cleared Brains},
url = {https://www.nsf.gov/awardsearch/showAward?AWD_ID=1707298},
series = {NSF 1707298},
author = {J. Vogelstein},
userc = {Principal Investigator},
month = {9},
year = {2017},
userd = {01-Sep-2017 to 31-Aug-2020 (No Cost Extension)},
usere = {\$959,999 (total) \$588,758 (direct)},
userf = {\$320,000 (total) \$196,252 (direct)},
abstract = {We propose to lower the barrier to connecting data to analyses and models by providing a
coherent cloud computational ecosystem that minimizes current bottlenecks in the scientific
process},
keywords = {complete}
}

@mvbook{nih1u19ns104653,
number = {2017 -- 2022},
usera = {NIH},
userb = {Sensorimotor processing, decision making, and internal states: towards a realistic multiscale circuit model of the larval zebrafish brain},
url = {http://grantome.com/grant/NIH/U19-NS104653-02},
series = {NIH 1U19NS104653-01},
author = {F. Engert},
userc = {Co-Investigator},
month = {9},
year = {2017},
userd = {01-Sep-2017 to 31-Aug-2022},
usere = {\$1,050,000 (total) \$655,206 (direct) (JHU sub-award)},
userf = {\$210,000 (total) \$131,041 (direct)},
abstract = {Generate a realistic multiscale circuit model of the larval zebrafish’s brain – the multiscale
virtual fish (MSVF). The model will span spatial ranges from the nanoscale at the synaptic
level, to local microcircuits to inter-area connectivity - and its ultimate purpose is to explain
and simulate the quantitative and qualitative nature of behavioral output across various timescales},
keywords = {current}
}











@mvbook{nig128503,
number = {2018 -- 2020},
usera = {Schmidt Science Foundation},
userb = {Connectome Coding at the Synaptic Scale},
series = {Nascent Innovation Grant 128503},
author = {J. Vogelstein},
userc = {Principal Investigator},
month = {1},
year = {2018},
userd = {01-Jan-2018 to 31-Dec-2020},
usere = {\$250,000 (total)},
userf = {N/A},
abstract = {Study learning and plasticity at an unprecedented scale, revealing the dynamics of large
populations of synapses comprising an entire local cortical circuit. No previously conducted
experiment could answer the questions about the dynamics of large populations of synapses,
which is crucial to understanding the learning process},
keywords = {complete}
}

@mvbook{nih1r01dc016784,
number = {2017 -- 2020},
usera = {NIH},
userb = {CRCNS US-German Res Prop: functional computational anatomy of the auditory cortex},
url = {http://grantome.com/grant/NIH/R01-DC016784-02},
series = {NIH 1R01DC016784-01},
author = {J. MRatnanather},
userc = {Co-Investigator},
month = {7},
year = {2017},
userd = {01-Jul-2017 to 30-Jun-2020},
usere = {\$747,143 (total) \$458,519 (direct)},
userf = {N/A},
abstract = {Create a robust computational framework for analyzing the cortical ribbon in a specific
region: the auditory cortex},
keywords = {complete}
}

@mvbook{nsf1921310,
number = {2017 -- 2020},
usera = {NSF},
userb = {Multiscale Generalized Correlation: A Unified Distance-Based Correlation Measure for Dependence Discovery},
url = {http://grantome.com/grant/NSF/DMS-1921310},
series = {NSF 1921310},
author = {S. Cencheng},
userc = {Co-Investigator},
month = {5},
year = {2017},
userd = {01-May-2017 to 30-Apr-2020},
usere = {\$200,000 (total) \$124,189 (direct)},
userf = {N/A},
abstract = {Establish a unified methodology framework for statistical testing in high-dimensional, noisy,
big data, through theoretical advancements, comprehensive simulations, and real data experiments},
keywords = {complete}
}

@mvbook{fa87501720112,
number = {2016 -- 2020},
usera = {DARPA},
userb = {D3M: What Would Tukey Do?},
series = {FA8750-17-2-0112},
author = {C. Priebe},
userc = {Co-Investigator},
month = {10},
year = {2016},
userd = {01-Oct-2016 to 30-Sep-2020},
usere = {\$4,406,360 (total) \$2,746,050 (direct)},
userf = {N/A},
abstract = {Develop theory and methods for generating a discoverable archive of data modeling primi-
tives and for automatically selecting model primitives and for composing selected primitives
into complex modeling pipelines based on user-specified data and outcome(s) of interest},
keywords = {complete}
}

@mvbook{nsf16569,
number = {2017 -- 2019},
usera = {NSF},
userb = {NeuroNex Technology Hub: Towards the International Brain
Station for Accelerating and Democratizing Neuroscience Data Analysis and Modeling},
series = {NSF 16-569},
author = {J. Vogelstein},
userc = {Principal Investigator},
month = {2},
year = {2017},
userd = {2017 to 2019},
usere = {\$246,773},
userf = {N/A},
abstract = {We propose to lower the barrier to connecting data to analyses and models by providing a
coherent cloud computational ecosystem that minimizes current bottlenecks in the scientific
process},
keywords = {complete}
}

@mvbook{90076467,
number = {2017 -- 2018},
usera = {DARPA},
userb = {The Brain Ark},
series = {90076467},
author = {J. Vogelstein},
userc = {Principal Investigator},
month = {1},
year = {2017},
userd = {2017 to 2018},
usere = {\$92,376 (total) \$56,499.08 (direct)},
userf = {N/A},
abstract = {Characterize the statistical properties of the individual graphs, to identify circuit motifs, both
that specialize in a species specific fashion, and that are preserved across species. As a test,
will compare the connectomes of sea lions and coyotes},
keywords = {complete}
}

@mvbook{90071826,
number = {2017 -- 2018},
usera = {The Kavli Foundation},
userb = {The International Brain Station},
series = {90071826},
author = {J. Vogelstein},
userc = {Principal Investigator},
month = {2},
year = {2017},
userd = {2017 to 2018},
usere = {\$50,000 (total) \$50,000 (direct)},
userf = {N/A},
abstract = {Take the first few steps towards building the international brain station},
keywords = {complete}
}

@mvbook{aci1649880,
number = {2017 -- 2018},
usera = {NSF},
userb = {Brain Comp Infra: EAGER: BrainLab CI: Collaborative, Community Experiments},
series = {ACI-1649880},
author = {B. Miller},
userc = {Co-Investigator},
month = {1},
year = {2017},
userd = {2017 to 2018},
usere = {\$294,599 (total) \$180,736 (direct)},
userf = {N/A},
abstract = {The BrainLab CI prototype system will deploy an experimental-management infrastruc-
ture that allows users to construct community-wide experiments that implement data and
metadata controls on the inclusion and exclusion of data},
keywords = {complete}
}

@mvbook{nsf1637376_1,
number = {2016 -- 2019},
usera = {NSF},
userb = {A Scientific Planning Workshop for Coordinating Brain Research Around the Globe},
series = {NIH RFA-MH-19-148},
author = {J. Vogelstein},
userc = {Principal Investigator},
month = {2},
year = {2016},
userd = {2016 to 2019},
usere = {\$97,950 (total) \$97,950 (direct)},
userf = {},
abstract = {This travel grant is for the expressed purposes of gathering researchers from around the globe
to discuss the new way to further brain research during part one of a two day conference},
keywords = {complete}
}

@mvbook{nsf1637376_2,
number = {2016 -- 2019},
usera = {NSF},
userb = {A Scientific Planning Workshop for Coordinating Brain Research Around the Globe},
series = {NSF 1637376},
author = {J. Vogelstein},
userc = {Principal Investigator},
month = {1},
year = {2016},
userd = {2016 to 2019},
usere = {\$16,327 (total) \$14,491 (direct)},
userf = {N/A},
abstract = {This travel grant is for the expressed purposes of gathering researchers from around the
globe to further discuss advancements in brain research during the second part of a two day conference},
keywords = {complete}
}

@mvbook{n6600115c40401,
number = {2015 -- 2018},
usera = {DARPA},
userb = {From RAGs to Riches: Utilizing Richly Attributed Graphs to Reason from},
series = {N66001-15-C-40401},
author = {J. Vogelstein},
userc = {Principal Investigator},
month = {1},
year = {2015},
userd = {01-Sep-2019 to 31-Aug-2022},
usere = {\$2,103,091.60 (total) \$1,298,204 (direct)},
userf = {N/A},
abstract = {Multiple, large, multifarious brain imaging datasets are rapidly becoming standards in neuroscience. Yet, we lack the tools to analyze individual datasets, much less populations thereof.
Therefore, we will develop theory and methods to analyze and otherwise make such data
available},
keywords = {complete}
}

@mvbook{n660011414028,
number = {2014 -- 2016},
usera = {DARPA},
userb = {Scalable Grain Graph Analyses Using Big-Memory, High-IPS Compute Architectures},
series = {N66001-14-1-4028},
author = {R. Burns},
userc = {Co-Investigator},
month = {1},
year = {2014},
userd = {2014 to 2016},
usere = {\$39,882 (total) \$28,272 (direct)},
userf = {N/A},
abstract = {Build software infrastructure to enable analytics on billion node, terabyte sized networks
using commodity hardware},
keywords = {complete}
}

@mvbook{nihr01ns092474,
number = {2014 -- 2019},
usera = {NIH},
userb = {Synaptomes of Mouse and Man},
series = {NIH R01NS092474},
author = {S. Smith},
userc = {Co-Investigator},
month = {1},
year = {2014},
userd = {2014 to 2019},
usere = {\$756,417 (total) \$491,341 (direct)},
userf = {N/A},
abstract = {The major goals of this project are to discover the synaptic diversity and complexity in
mammalian brains, specifically comparing and contrasting humans with mice, the leading
experimental animal},
keywords = {complete}
}

@mvbook{r01eb16411,
number = {2012 -- 2015},
usera = {National Institute of Biomedical Imaging and Bioengineering},
userb = {CRCNS: Data Sharing: The EM open Connectome Project},
series = {RO1EB16411},
author = {R. Burns},
userc = {Co-Investigator},
month = {1},
year = {2012},
userd = {2012 to 2015},
usere = {\$70,823 (total) \$46,517 (direct)},
userf = {N/A},
abstract = {Develop cyberinfrastructure to support management, visualization, storage, and analysis of
large-scale electron microscopy data},
keywords = {complete}
}