@incollection{rossyross,
author = {Ross Lawrence},
userd = {Visiting Doctoral Student},
file = {ross_lawrence.jpg},
month = {10},
year = {2001},
series = {12/17},
number = {12/10},
usera = {major},
userb = {degree},
userc = {HOPKINS},
url = {www.google.com},
abstract = {this is what I like to do with my work},
doi = {github},
note = {email},
school = {training},
title = {Research Assistant},
keywords = {website}
}

@incollection{bossyross,
author = {boss Lawrence},
userd = {Visiting Doctoral Student},
file = {ross_lawrence.jpg},
month = {2},
year = {2003},
series = {12/17},
number = {12/10},
usera = {major},
userb = {degree},
userc = {HOPKINS},
url = {www.google.com},
abstract = {this is what I like to do with my work},
doi = {github},
note = {email},
school = {training},
title = {Research Assistant},
keywords = {Faculty}
}