@misc{Prazosin2020,
  year={2020},
  title={Prazosin Might Be A Treatment for COVID-19. More Data Is Urgently Needed},
  url={https://www.forbes.com/sites/stevensalzberg/2020/04/08/a-possible-treatment-for-covid-19/?sh=9055d4975af2},
  address={Forbes},
  author={Salzberg, Steven},
  keywords={press}
}

@misc{Atlantic2020,
  year={2020},
  title={Why Some People Get Sicker Than Others: COVID-19 is proving to be a disease of the immune system.},
  url={https://www.theatlantic.com/health/archive/2020/04/coronavirus-immune-response/610228/},
  address={The Atlantic},
  author={Hamblin, James},
  keywords={press}
}

@misc{Cytokine2020,
  year={2020},
  title={Coronavirus Can Set Off a 'Cytokine Storm.' These Drugs May Calm It},
  url={https://www.nytimes.com/2020/06/11/health/coronavirus-cytokine-storm.html},
  address={The New York Times},
  author={Mandavilli, Apoorva},
  keywords={press}
}

@misc{CovidCaution2020,
  year={2020},
  title={Too Much Caution Is Killing Covid Patients},
  url={https://www.wsj.com/articles/too-much-caution-is-killing-covid-patients-11606238928},
  address={The Wall Street Journal},
  author={Ladapo, Joseph A.},
  keywords={press}
}

@misc{BloodPressure2020,
  year={2020},
  title={Researchers Urge Clinical Trial of Blood Pressure Drug to Prevent Lethal Complication of Covid-19},
  url={https://www.hopkinsmedicine.org/news/newsroom/news-releases/researchers-urge-clinical-trial-of-blood-pressure-drug-to-prevent-lethal-complication-of-covid-19#:~:text=Researchers%20in%20the%20Ludwig%20Center,SARS%2DCoV%2D2%20infection.},
  address={Johns Hopkins Medicine},
  author={Mone, Amy and Mehl, Valerie},
  keywords={press}
}

@misc{CytokineStorm2020,
  year={2020},
  title={Preventing 'Cytokine Storm' May Ease Severe COVID-19 Symptoms},
  url={https://www.hhmi.org/news/preventing-cytokine-storm-may-ease-severe-covid-19-symptoms},
  address={Howard Hughes Medical Institute},
  author={Rosen, Meghan},
  keywords={press}
}

@misc{bme_pioneers,
  year={2019},
  title={BME Pioneers: Joshua Vogelstein},
  url={https://vimeo.com/hartlove/review/331872774/9dacde8acb},
  address={BME Pioneers},
  author={Johns Hopkins Medicine},
  keywords={press}
}
@misc{tomorrows_discoveries,
  year={2019},
  title={Technology Connecting the Brain to the Human Experience},
  url={https://www.youtube.com/watch?v=NqmbDPzJBgI},
  address={Tomorrows Discoveries},
  author={Johns Hopkins Medicine},
  keywords={press}
}
@misc{mapping_mind,
  year={2011},
  title={Mapping the Mind},
  url={https://engineering.jhu.edu/magazine/2011/09/mapping-mind/#.W9s9xJNKiPo},
  address={Johns Hopkins Engineering},
  author={Birch, Kristi},
  keywords={press}
}

@misc{what_is_connectome,
  year={2011},
  title={Q\&A: What is the Open Connectome Project?},
  url={https://neuralsystemsandcircuits.biomedcentral.com/articles/10.1186/2042-1001-1-16},
  address={BMC Nature},
  author={Vogelstein, Joshua T.},
  keywords={press}
}

@misc{connectome_interview,
  year={2012},
  title={“Open Access to the Brain” – Podcast 1: Joshua Vogelstein},
  url={https://theconnectome.wordpress.com/2012/02/05/podcast-1-our-interview-with-joshua-vogelstein/},
  address={The Connectome Podcast},
  author={Thomas, Ben},
  keywords={press}
}

@misc{hopkins_neuroscientist,
  year={2018},
  title={Web service makes big data available to neuroscientists},
  url={https://www.nature.com/articles/d41586-018-07195-2},
  address={Nature},
  author={Perkel, Jeffrey M.},
  keywords={press}
}

@misc{nature_webservice,
  year={2016},
  title={Johns Hopkins researchers want to use big data to chart the brain},
  url={https://hub.jhu.edu/2016/11/02/johns-hopkins-neuroscientists-brain-trust/},
  address={Johns Hopkins University},
  author={Patel, Prachi},
  keywords={press}
}

@misc{cep_eager,
  year={2014},
  title={Johns Hopkins mathematician receives grant to support study of brain's circuitry},
  url={https://hub.jhu.edu/2014/08/22/cary-priebe-nsf-eager-grant/},
  address={Johns Hopkins University}, 
  author={Gatlin, Latarsha},
  keywords={press}
}

@misc{cep_mz06,
  year={2014},
  title={Mapping Neural Activation onto Behavior in an Entire Animal},
  url={http://science.sciencemag.org/content/344/6182/372.full},
  address={Science},
  author={O'Leary, Timothy and Marder, Eve},
  keywords={press}
}

@misc{cep_mz05,
  year={2014},
  title={Researchers create a reference atlas for neural circuits in fruit fly larvae},
  url={https://medicalxpress.com/news/2014-03-atlas-neural-circuits-fruit-larvae.html},
  address={MedicalXpress},
  author={Yirka, Bob},
  keywords={press}
}

@misc{cep_mz04,
  year={2014},
  title={Linking Neurons to Behaviors},
  url={http://www.the-scientist.com/?articles.view/articleNo/39571/title/Linking-Neurons-to-Behaviors},
  address={TheScientist},
  author={Yandell, Kate},
  keywords={press}
}

@misc{cep_mz03,
  year={2014},
  title={Ten thousand neurons linked to behaviors in fly},
  url={https://www.sciencenews.org/node/188288},
  address={ScienceNews},
  author={Sanders, Laura},
  keywords={press}
}

@misc{cep_mz02,
  year={2014},
  title={Fly brain 'atlas' opens door to linking human neurons to actions},
  url={http://www.reuters.com/article/us-science-flybrain/fly-brain-atlas-opens-door-to-linking-human-neurons-to-actions-idUSBREA2Q23B20140327},
  address={Reuters},
  author={Begley, Sharon},
  keywords={press}
}

@misc{cep_mz01,
  year={2014},
  title={Research Highlights},
  url={http://www.cis.jhu.edu/~parky/CEP-Publications/Nature-highlight.pdf},
  address={Nature},
  author={Son, Donghee and Lee, Jongha},
  keywords={press}
}

@misc{jhmocp,
	author={Dale Keiger},
  title={The Open Connectome Project takes a close look at the brain},
  url={https://hub.jhu.edu/magazine/2015/winter/open-connectome-project-joshua-vogelstein-randal-burns/},
  address={Johns Hopkins Magazine},
  year={2015},
  keywords={press}
}

@misc{stmcom1,
	author={Begg, Colin B. and Pike, Malcolm C.},
  title={Comment on "The Predictive Capacity of Personal Genome Sequencing"},
  url={http://stm.sciencemag.org/content/4/135/135le3.full},
  address={Science},
  year={2012},
  keywords={press}
}

@misc{stmcom2,
	author={Topol, Eric J.},
  title={Comment on "The Predictive Capacity of Personal Genome Sequencing"},
  url={http://stm.sciencemag.org/content/4/135/135le5.full},
  address={Science},
  year={2012},
  keywords={press}
}

@misc{scimag1,
	author={Underwood, Emily},
  title={International brain projects proposed},
  url={http://science.sciencemag.org/content/352/6283/277},
  address={Science},
  year={2016},
  keywords={press}
}

@misc{kavli1,
	author={{The Kavli Foundation}},
  title={International Brain Initiative},
  url={http://www.kavlifoundation.org/international-brain-initiative},
  address={Kavli},
  year={2016},
  keywords={press}
}

@misc{nature1,
	author={Reardon, Sara},
  title={Worldwide brain-mapping project sparks excitement --- and concern},
  url={http://www.nature.com/news/worldwide-brain-mapping-project-sparks-excitement-and-concern-1.20658},
  address={Nature},
  year={2016},
  keywords={press}
}

@misc{nih1,
	author={{National Institues of Health}},
  title={International Brain Projects Considered},
  url={http://www.braininitiative.org/2016/04/22/international-brain-projects-considered/},
  address={BRAIN initiative},
  year={2016},
  keywords={press}
}


@misc{mit1,
	author={Emerging Technology from the arXiv},
  title={Three Grand Challenges for Brain Science That Can Be Solved in 10 Years},
  url={https://www.technologyreview.com/s/602274/three-grand-challenges-for-brain-science-that-can-be-solved-in-10-years/},
  address={MIT Technology Review},
  year={2016},
  keywords={press}
}


@misc{usdos1,
	author={{Office of the Spokesperson}},
  title={International Brain Initiative Launch and VIP Dialog: Towards an International Brain Station},
  url={https://2009-2017.state.gov/r/pa/prs/ps/2016/09/262200.htm},
  address={US Department of State},
  year={2016},
  keywords={press}
}
