@inproceedings{Vogelstein2010b,
author = {Vogelstein, Joshua T and Vogelstein, RJ and Priebe, Carey E},
author+an = {1=highlight},
booktitle = {CSHL conference on Neural Circuits},
title = {\href{http://dx.doi.org/10.6084/m9.figshare.1284694}{A Neurocognitive Graph-Theoretical Approach to Understanding the Relationship Between Minds and Brains}},
year = {2010}
}