@inproceedings{whistler-mar2020,
address = {Yale School of Medicine, Whistler Scientific Workshop},
author = {Vogelstein, Joshua},
author+an = {1=highlight},
month = {March},
title = {\href{https://neurodata.io/talks/whistler20.html}{The role of the connectome in achieving artificial general intelligence}},
year = {2020}
}

@inproceedings{msr-feb2020,
organization = {Microsoft Research},
author = {Vogelstein, Joshua},
author+an = {1=highlight},
month = {February},
title = {\href{https://neurodata.io/talks/msr20.html}{Lifelong Learning via Ensembling General Representations}},
year = {2020}
}

@inproceedings{rock-jan2020,
address = {Kavli Neural Systems Institute, Rockefeller University},
author = {Helm, Hayden and Mehta, Ronak and Priebe, Carey E. and Arora, Raman and Vogelstein, Joshua T.},
author+an = {5=highlight},
month = {January},
title = {\href{https://neurodata.io/talks/L2F_18mo.html}{A Theory and Practice of Lifelong Learnable Forest}},
year = {2020}
}

@inproceedings{colum-jan2020,
address = {Columbia University},
author = {Vogelstein, Joshua T.},
author+an = {1=highlight},
month = {January},
title = {\href{https://neurodata.io/talks/columbia20.html}{Lifelong Learning}},
year = {2020}
}

@inproceedings{allen2017,
 address = {},
 author = {Vogelstein, Joshua T.},
 author+an = {1=highlight},
 title = {\href{https://neurodata.io/talks/allen.html}{NeuroData}},
 year = {2017}
}

@inproceedings{AreMenPro,
 author = {Vogelstein, Joshua T},
 author+an = {1=highlight},
 organization = {NIPS workshop on Philosophy and Machine Learning},
 title = {\href{http://dx.doi.org/10.6084/m9.figshare.1284180}{Are mental properties supervenient on brain properties}},
 year = {2011}
}

@inproceedings{ModBasOpt,
 address = {Neurotheory Center of Columbia University},
 author = {Vogelstein, Joshua T},
 author+an = {1=highlight},
 title = {{Model based optimal inference of spike times and calcium dynamics givern noisy and intermittent calcium-fluorescence observations}},
 year = {2007}
}

@inproceedings{InfSpiTra,
 address = {Statistical Analysis of Neural Data},
 author = {Vogelstein, Joshua T},
 author+an = {1=highlight},
 title = {{Inferring Spike Trains Given Calcium-Sensitive Fluorescence Observations}},
 year = {2008}
}

@inproceedings{WhaCanTra,
 address = {Child Mind Institute},
 author = {Vogelstein, Joshua T},
 author+an = {1=highlight},
 title = {{What can Translational neuroimaging Research do for Clinical Practice}},
 year = {2011}
}

@inproceedings{StaCon,
 address = {Harvard University Connectomics Labs},
 author = {Vogelstein, Joshua T},
 author+an = {1=highlight},
 title = {\href{http://dx.doi.org/10.6084/m9.figshare.1143276}{Statistical Connectomics}},
 year = {2011}
}

@inproceedings{OncConWha,
 address = {Krasnow Institute for Advanced Study at George Mason Univeristy},
 author = {Vogelstein, Joshua T},
 author+an = {1=highlight},
 title = {{Once we get connectomes, what the \%\#* are we going to do with them?}},
 year = {2011}
}

@inproceedings{ConConCla,
 address = {Math/Bio Seminar, Duke University},
 author = {Vogelstein, Joshua T},
 author+an = {1=highlight},
 title = {\href{http://dx.doi.org/10.6084/m9.figshare.1143221}{Consistent Connectome Classification}},
 year = {2011}
}

@inproceedings{ConClaSta,
 address = {Organization for Human Brain Mapping},
 author = {Vogelstein, Joshua T},
 author+an = {1=highlight},
 title = {\href{http://dx.doi.org/10.6084/m9.figshare.1143153}{Connectome Classification: Statistical Graph Theoretic Methods for Analysis of MR-Connectome Data}},
 year = {2011}
}

@inproceedings{BigNeu2,
 address = {Theory and Neurobiology, Duke University},
 author = {Vogelstein, Joshua T},
 author+an = {1=highlight},
 title = {\href{http://dx.doi.org/10.6084/m9.figshare.1284175}{BIG NEURO}},
 year = {2012}
}

@inproceedings{StaInf2,
 address = {University of Michigan},
 author = {Vogelstein, Joshua T},
 author+an = {1=highlight},
 title = {{Statistical Inference on Graphs}},
 year = {2013}
}

@inproceedings{StaInf3,
 address = {Scientific Computing Institute, University of Utah},
 author = {Vogelstein, Joshua T},
 author+an = {1=highlight},
 title = {{Statistical Inference on Graphs}},
 year = {2013}
}

@inproceedings{BeyLitNeu,
 address = {Beyond Optogenetics workshop at Cosyne},
 author = {Vogelstein, Joshua T},
 author+an = {1=highlight},
 title = {\href{http://dx.doi.org/10.6084/m9.figshare.1284169}{Beyond Little Neuroscience}},
 year = {2013}
}

@inproceedings{KeyStateBrain,
 address = {Keystone Symposia: State of the Brain},
 author = {Vogelstein, Joshua T},
 author+an = {1=highlight},
 title = {\href{http://docs.neurodata.io/ndintro/}{NeuroData: Enabling Terascale Neuroscience for Everyone}},
 year = {2016}
}

@inproceedings{BRAINI16,
 address = {4th Annual BRAIN Iniative Investigators Meeting},
 author = {Vogelstein, Joshua T},
 author+an = {1=highlight},
 title = {{NeuroData: Enabling Terascale Neuroscience for Everyone}},
 year = {2016}
}

@inproceedings{TopChaBig,
 address = {BRAIN Initiative Workshop},
 author = {Vogelstein, Joshua T},
 author+an = {1=highlight},
 month = {Dec},
 title = {\href{http://dx.doi.org/10.6084/m9.figshare.1381888}{Top Challenges of Big Data Neuroscience}},
 year = {2014}
}

@inproceedings{perlman3dem,
 address = {NSF NeuroNex Workshop on Super 3DEM},
 author = {Perlman, Eric},
 month = {july},
 title = {\href{https://neurodata.io/talks/neuronex-3dem.html}{NeuroData: Embracing Open Source for Big Data Neuroscience}},
 year = {2018}
}

@inproceedings{bridgefordohbm2018,
 address = {Organization of Human Brain Mapping},
 author = {Bridgeford, Eric W},
 author+an = {1=trainee},
 month = {july},
 title = {\href{http://ericwb.me/lectures/ohbm/ohbm_ndmg.html}{A High-Throughput Pipeline Identifies Robust Connectomes but Troublesome Variability}},
 year = {2018}
}

@inproceedings{princeton2018,
 address = {Princeton},
 author = {Vogelstein, Joshua T},
 author+an = {1=highlight},
 month = {Aug},
 title = {\href{https://neurodata.io/talks/princeton2018.html}{A Community-Developed Open-Source Computational Ecosystem for Big Neuro Data}},
 year = {2018}
}

@inproceedings{sfn2018,
 address = {Society for Neuroscience},
 author = {Vogelstein, Joshua T.},
 author+an = {1=highlight},
 month = {november},
 title = {\href{https://neurodata.io/talks/SFN18.html}{Connectome Coding}},
 year = {2018}
}

@inproceedings{dipy19,
 address = {Dipy Workshop},
 author = {Vogelstein, Joshua T.},
 author+an = {1=highlight},
 month = {March},
 title = {\href{https://neurodata.io/talks/DiPy19.html}{Connectal Coding}},
 year = {2019}
}

@inproceedings{j1cohbm2019,
 address = {Organization of Human Brain Mapping},
 author = {Chung, Jaewon},
 author+an = {1=trainee},
 month = {June},
 title = {\href{https://neurodata.io/talks/ohbm19.html}{Statistical Methods for Population of Connectomes}},
 year = {2019}
}

@inproceedings{connectomics2019,
 address = {Max Planck / HHMI Connectomics Meeting},
 author = {Vogelstein, Joshua T.},
 author+an = {1=highlight},
 month = {April},
 title = {\href{https://neurodata.io/talks/connectomics19.html}{Statistical Foundations For Connectomics}},
 year = {2019}
}

@inproceedings{BigStaBra,
 address = {Baylor College of Medicine, Department of Neuroscience},
 author = {Vogelstein, Joshua T},
 author+an = {1=highlight},
 month = {May},
 title = {\href{http://dx.doi.org/10.6084/m9.figshare.1140321}{Big Statistics for Brain Sciences}},
 year = {2014}
}

@inproceedings{bigtime2015,
 address = {figshare},
 author = {Vogelstein, Joshua T.},
 author+an = {1=highlight},
 title = {\href{https://figshare.com/articles/big_time_series_data_for_neuroscience_/1591211}{big time (series data in neuroscience)}},
 year = {2015}
}

@inproceedings{CasC,
 address = {CASC},
 author = {Vogelstein, Joshua T},
 author+an = {1=highlight},
 title = {\href{https://s3-eu-west-1.amazonaws.com/pfigshare-u-files/2593515/jovocasc.pdf}{Research Computing Support for Neuroscience and Other Life Sciences}},
 year = {2015}
}

@inproceedings{ConsGraCla,
 address = {Guest Lecture in Deisseroth Lab, Stanford University},
 author = {Vogelstein, Joshua T},
 author+an = {1=highlight},
 title = {\href{http://dx.doi.org/10.6084/m9.figshare.1143129}{Consistent Graph Classification}},
 year = {2011}
}

@inproceedings{disa2017,
 address = {HPDC},
 author = {Mhembere, Disa},
 author+an = {1=trainee},
 month = {June},
 title = {\href{https://github.com/neurodata/talks/blob/master/p67-mhembere.pdf}{knor: a NUMA-Optimized In-Memory, Distributed and Semi-External-Memory k-means library}},
 year = {2017}
}

@inproceedings{dscore2019,
 address = {Harvard University},
 author = {Vogelstein, Joshua T. and Burns, Randal},
 author+an = {1=highlight},
 month = {July},
 title = {\href{https://neurodata.io/talks/ZZ_MSCZ_U19.pptx}{Data Science Core}},
 year = {2019}
}

@inproceedings{exactequivalence2019,
 address = {Joint Statistical Meeting},
 author = {C. Shen},
 author+an = {1=trainee},
 month = {August},
 title = {The Exact Equivalence of Distance and Kernel Methods for Hypothesis Testing},
 year = {2018}
}

@inproceedings{feldman2017,
 address = {Schmidt Sciences},
 author = {Vogelstein, Joshua T.},
 author+an = {1=highlight},
 title = {\href{https://neurodata.io/talks/feldman.html}{Connectome Coding}},
 year = {2017}
}

@inproceedings{forestpacking2019,
 address = {SIAM International Conference on Data Mining},
 author = {Browne, James},
 author+an = {1=trainee},
 month = {May},
 title = {\href{https://neurodata.io/talks/ForestPacking2019JamesBrowne.pptx}{Forest Packing: Fast Parallel, Decision Forests}},
 year = {2019}
}

@inproceedings{FroRagRic,
 address = {SIMPLEX Kickoff},
 author = {Vogelstein, Joshua T},
 author+an = {1=highlight},
 title = {\href{http://dx.doi.org/10.6084/m9.figshare.1515878}{From RAGs to Riches: Utilizing Richly Attributed Graphs to Reason from Heterogeneous Data}},
 year = {2015}
}

@inproceedings{jovoyalemgc2018,
 address = {Yale},
 author = {Vogelstein, Joshua T},
 author+an = {1=highlight},
 month = {january},
 title = {\href{https://neurodata.io/talks/mgc.html}{Discovering Relationships and their Geometry Across Disparate Data Modalities}},
 year = {2018}
}

@inproceedings{jovodarpamgc2018,
 address = {DARPA SIMPLEX PI Review Meeting},
 author = {Vogelstein, Joshua T},
 author+an = {1=highlight},
 month = {august},
 title = {\href{https://neurodata.io/talks/mgc-simplex.html}{Multiscale Graph Correlation: A Knowledge Representation System for Discovering Latent Geometric Structure}},
 year = {2018}
}

@inproceedings{JovoSimA,
 address = {DARPA SIMPLEX PI Meeting},
 author = {Vogelstein, Joshua T},
 author+an = {1=highlight},
 title = {\href{http://dx.doi.org/10.6084/m9.figshare.1593271}{From RAGs to Riches: Utilizing Richly Attributed Graphs to Reason from Heterogeneous Data: Part 1}},
 year = {2015}
}

@inproceedings{JovoSimB,
 address = {DARPA SIMPLEX PI Meeting},
 author = {Vogelstein, Joshua T},
 author+an = {1=highlight},
 title = {\href{http://dx.doi.org/10.6084/m9.figshare.1593272}{From RAGs to Riches: Utilizing Richly Attributed Graphs to Reason from Heterogeneous Data: Part 2}},
 year = {2015}
}

@inproceedings{paninski2015,
 address = {AMSI Program on Sequential Monte Carlo},
 author = {Vogelstein, Joshua T and Paninski, Liam},
 author+an = {1=highlight},
 title = {\href{https://figshare.com/articles/Spike_Inference_from_Calcium_Imaging_using_Sequential_Monte_Carlo_Methods/1285825}{Spike inference from calcium imaging using sequential Monte Carlo methods}},
 year = {2015}
}


@inproceedings{discoveringstanford2017,
 address = {Stanford},
 author = {Vogelstein, Joshua T.},
 author+an = {1=highlight},
 month = {August},
 title = {\href{https://neurodata.io/talks/mgc.html}{Discovering Relationships and their Geometry Across Disparate Data Modalities}},
 year = {2017}
}

@inproceedings{InfSpiTraCI,
 address = {Redwood Center for Theoretical Neuroscience, University of California, Berkeley},
 author = {Vogelstein, Joshua T},
 author+an = {1=highlight},
 title = {\href{http://dx.doi.org/10.6084/m9.figshare.1143426}{Inferring spike trains from Calcium Imaging}},
 year = {2008}
}

@inproceedings{InfSpiTraCI2,
 address = {Cambridge University, Gatsby Unit, and University College London},
 author = {Vogelstein, Joshua T},
 author+an = {1=highlight},
 title = {\href{http://dx.doi.org/10.6084/m9.figshare.1284091}{Inferring spike trains from Calcium Imaging}},
 year = {2008}
}


@inproceedings{kiarconnectomecoding2018,
 address = {Data science in Neuroscience Symposium},
 author = {Kiar, Gregory},
 author+an = {1=trainee},
 month = {June},
 title = {Connectome Coding: what is it, how do we do it, and why do we care?},
 year = {2018}
}

@inproceedings{kiarscienceinthecloud2017,
 address = {Open Science Special Interest Group},
 author = {Kiar, Gregory},
 author+an = {1=trainee},
 title = {Science in the Cloud (SIC): A use-case in MRI Connectomics},
 year = {2017}
}

@inproceedings{knor2017,
 address = {High-Performance Parallel and Distributed Computing},
 author = {Mhembere, Disa},
 author+an = {1=trainee},
 doi = {10.1145/3078597.3078607},
 title = {knor: K-means NUMA Optimized Routines Library},
 year = {2017}
}

@inproceedings{l2f18mo,
 address = {L2M},
 author = {Vogelstein, Joshua T. and Helm, Hayden and Mehta, Ronak and Priebe, Carey E. and Arora, Raman},
 author+an = {1=highlight;2=trainee;3=trainee},
 month = {September},
 title = {\href{https://neurodata.io/talks/L2F_18mo.html}{A Theory and Practice of the Lifelong Learnable}},
 year = {2019}
}

@inproceedings{l2f1year,
 address = {L2M},
 author = {Vogelstein, Joshua T.},
 author+an = {1=highlight},
 month = {March},
 title = {\href{https://neurodata.io/talks/L2F_1yr.html}{Lifelong Learning Forests}},
 year = {2019}
}

@inproceedings{L2F2018,
 address = {Darpa L2M PI Meeting},
 author = {Vogelstein, Joshua T.},
 author+an = {1=highlight},
 month = {June},
 title = {\href{https://neurodata.io/talks/L2F.html}{Lifelong Learning Forests}},
 year = {2018}
}

@inproceedings{LawLarGra,
 address = {DARPA Graphs},
 author = {Vogelstein, Joshua T},
 author+an = {1=highlight},
 title = {\href{http://dx.doi.org/10.6084/m9.figshare.1515877}{Law of Large Graphs}},
 year = {2015}
}

@inproceedings{leejsm2017,
 address = {Joint Statistical Meetings},
 author = {Lee, Youjin},
 author+an = {1=trainee},
 title = {\href{https://github.com/youjin1207/Presentation/blob/master/JSM2017/jsm2017-slide.pdf}{Network Dependence Testing via Diffusion Maps and Distance-Based Correlations}},
 year = {2017}
}

@inproceedings{localdistance2015,
 address = {Temple University},
 author = {C. Shen},
 author+an = {1=trainee},
 month = {November},
 title = {Local Distance Correlation for Testing Independence},
 year = {2015}
}

@inproceedings{multiscale2016,
 address = {Joint Statistical Meeting},
 author = {C. Shen},
 author+an = {1=trainee},
 month = {August},
 title = {Multiscale Generalized Correlation},
 year = {2016}
}

@inproceedings{NeuGraThe,
 address = {National Security Agency},
 author = {Vogelstein, Joshua T},
 author+an = {1=highlight},
 title = {\href{http://dx.doi.org/10.6084/m9.figshare.1143358}{Neurocognitive Graph Theory}},
 year = {2009}
}

@inproceedings{neuronex-stanford2018,
 address = {NeuroNex-Stanford},
 author = {Vogelstein, Joshua T. and Chandrashekhar, Vikram},
 author+an = {1=highlight;2=trainee},
 month = {July},
 title = {\href{https://neurodata.io/talks/neuronex-stanford.html}{NeuroNex + Stanford}},
 year = {2018}
}

@inproceedings{neuronex18,
 address = {NeuroNex},
 author = {Vogelstein, Joshua T.},
 author+an = {1=highlight},
 month = {october},
 title = {\href{https://neurodata.io/talks/neuronex18.html}{NeuroData: A Community-developed open-source computational ecosystem for big neuro data}},
 year = {2018}
}

@inproceedings{neuronex19,
 address = {NeuroNex},
 author = {Vogelstein, Joshua T.},
 author+an = {1=highlight},
 month = {October},
 title = {\href{https://neurodata.io/talks/neuronex19.html}{Ailey in an Hour: (A "Soup-to-Nuts" Pipeline for Analysis of Whole Cleared Brain Data)}},
 year = {2019}
}

@inproceedings{OopFamOpt,
 address = {Dissertation Defense},
 author = {Vogelstein, Joshua T},
 author+an = {1=highlight},
 title = {\href{https://www.researchgate.net/publication/45657467\_OOPSI\_A\_family\_of\_optimal\_optical\_spike\_inference\_algorithms\_for\_inferring\_neural\_connectivity\_from\_population\_calcium\_imaging}{OOPSI: A Family of Optimal OPtical Spike Inference Algorithms for Inferring Neural Connectivity from Population Calcium Imaging}},
 year = {2009}
}

@inproceedings{OpeChaBig,
 address = {DoE},
 author = {Vogelstein, Joshua T},
 author+an = {1=highlight},
 title = {\href{http://dx.doi.org/10.6084/m9.figshare.1515880}{Opportunities and Challenges in Big Data Neuroscience}},
 year = {2015}
}

@inproceedings{OpeConPro,
 address = {Academic Medical Center, Amsterdam},
 author = {Vogelstein, Joshua T},
 author+an = {1=highlight},
 title = {{Open Connectome Project}},
 year = {2012}
}

@inproceedings{OpeProNeu,
 address = {Data Seminar, Duke University},
 author = {Vogelstein, Joshua T},
 author+an = {1=highlight},
 title = {\href{http://dx.doi.org/10.6084/m9.figshare.1143084}{Open Problems in Neuropsychiatry}},
 year = {2013}
}

@inproceedings{reg2019daniel,
 address = {NeuroNex},
 author = {Tward, Daniel},
 month = {May},
 title = {\href{https://neurodata.io/talks/tward_neuronex2.pdf}{Brain mapping tools for neuroscience research}},
 year = {2019}
}

@inproceedings{sdm17,
 address = {SIAM International Conference on Data Mining},
 author = {Tomita, T. M.},
 author+an = {1=trainee},
 doi = {10.1137/1.9781611974973.56},
 title = {ROFLMAO: Robust Oblique Forests with Linear Matrix Operations},
 year = {2017}
}

@inproceedings{SeqMonCar,
 address = {SAMSI Program on Sequential Monte Carlo, Tracking Working Group},
 author = {Vogelstein, Joshua T},
 author+an = {1=highlight},
 title = {{Sequential Monte Carlo in Neuroscience}},
 year = {2009}
}

@inproceedings{sloan2019,
 address = {Sloan Foundation},
 author = {Vogelstein, Joshua T.},
 author+an = {1=highlight},
 month = {May},
 title = {\href{https://neurodata.io/talks/SloanFoundation2019.pptx}{Big Data and the Life Sciences}},
 year = {2019}
}

@inproceedings{StaModInf,
 address = {NIPS Workshop on Acquiring and analyzing the activity of large neural ensembles},
 author = {Vogelstein, Joshua T},
 author+an = {1=highlight},
 title = {\href{http://dx.doi.org/10.6084/m9.figshare.1142993}{Statistical Models and Inference for big Brain-Graphs}},
 year = {2013}
}

@inproceedings{TowInfAna,
 address = {Guest Lecture in Schnitzer Lab},
 author = {Vogelstein, Joshua T},
 author+an = {1=highlight},
 title = {\href{http://dx.doi.org/10.6084/m9.figshare.1143326}{Towards Inference and Analaysis of Neural Circuits Inferred from Population Calcium Imaging}},
 year = {2009}
}

@inproceedings{TowInfNeu,
 address = {Guest Lecture in Yuste Lab},
 author = {Vogelstein, Joshua T},
 author+an = {1=highlight},
 title = {\href{http://dx.doi.org/10.6084/m9.figshare.1143384}{Towards Inferring Neural Circuits from Calcium Imaging}},
 year = {2009}
}

