@inproceedings{minds-feb2020,
address = {Johns Hopkins Mathematical Institute for Data Science},
author = {Vogelstein, Joshua T.},
author+an = {1=highlight},
month = {February},
title = {\href{https://neurodata.io/talks/minds20.html}{Lifelong Learning: Moving Beyond Avoiding Catastrophic Forgetting}},
year = {2020}
}


@inproceedings{BRAINI18,
 address = {4th Annual BRAIN Iniative Investigators Meeting},
 author = {Vogelstein, Joshua T},
 author+an = {1=highlight},
 title = {\href{https://www.nwb.org/event/nwb-presentation-data-coordination-and-data-resources-for-the-brain-initiative-4th-annual-brain-investigators-meeting/}{Data Coordination and Data Resources for the BRAIN Initiative}},
 year = {2018}
}


@inproceedings{big-data-talk2018,
 address = {SOHOP Faculty Spotlight},
 author = {Vogelstein, Joshua T.},
 author+an = {1=highlight},
 month = {Apr},
 title = {\href{https://neurodata.io/talks/big-data-science/}{Using Big Data Science to Understand What Goes On in our Heads}},
 year = {2018}
}

@inproceedings{BigNeuSta,
 address = {Kavli Salon},
 author = {Vogelstein, Joshua T},
 author+an = {1=highlight},
 publisher = {Big Data: Practice Across Disciplines},
 title = {\href{http://figshare.com/articles/Big\_Neuro\_Statistics/1142907}{Big (Neuro) Statistics}},
 year = {2014}
}

@inproceedings{bootcamp2019,
 address = {JHM Boot Camp},
 author = {Vogelstein, Joshua T.},
 author+an = {1=highlight},
 month = {June},
 title = {\href{https://neurodata.io/talks/bootcamp19.html}{Open Access to the Brain: a Computer "Connectome" Links Brain Images in Fine Detail}},
 year = {2019}
}

@inproceedings{dc-sfn2017,
 address = {Society for Neuroscience},
 author = {Vogelstein, Joshua T.},
 author+an = {1=highlight},
 title = {\href{https://neurodata.io/talks/dc-sfn.html}{Opportunities and Challenges in Big Data Neuroscience}},
 year = {2017}
}

@inproceedings{goldsachs2019,
 address = {Sol Goldman International Conference},
 author = {Vogelstein, Joshua T.},
 author+an = {1=highlight},
 month = {April},
 title = {\href{https://neurodata.io/talks/goldman19.html}{Big Biomedical Data Science}},
 year = {2019}
}

@inproceedings{JovoSOHOPa,
 address = {SOHOP Faculty Spotlight},
 author = {Vogelstein, Joshua T},
 author+an = {1=highlight},
 title = {\href{https://neurodata.io/talks/big-data-science/}{Using Big Data Science to Understand What Goes on in Our Heads}},
 year = {2017}
}

@inproceedings{JovoSOHOPb,
 address = {SOHOP Faculty Spotlight},
 author = {Vogelstein, Joshua T},
 author+an = {1=highlight},
 title = {\href{https://neurodata.io/talks/big-data-science/}{Using Big Data Science to Understand What Goes on in Our Heads}},
 year = {2016}
}

@inproceedings{kndi2016,
 address = {Kavli Foundation},
 author = {Vogelstein, Joshua T.},
 author+an = {1=highlight},
 title = {\href{https://neurodata.io/talks/kndi.html}{The International Brain Station (TIBS)}},
 year = {2016}
}

@inproceedings{jhu-bmes19,
 address = {JHU BMES talks},
 author = {Vogelstein, Joshua T.},
 author+an = {1=highlight},
 month = {April},
 title = {\href{https://neurodata.io/talks/jhu-bmes19.html}{Journey to Here}},
 year = {2019}
}

@inproceedings{kavli19,
 address = {Kavli},
 author = {Vogelstein, Joshua T.},
 author+an = {1=highlight},
 month = {April},
 title = {\href{https://neurodata.io/talks/kavli19.html}{NeuroData (Science)}},
 year = {2019}
}

@inproceedings{jovodata2019,
 address = {JHU BME},
 author = {Vogelstein, Joshua T.},
 author+an = {1=highlight},
 month = {February},
 title = {\href{https://neurodata.io/talks/datascience19.html}{Biomedical Big Data and Data Science}},
 year = {2019}
}

@inproceedings{BSI-google2018,
 address = {Kavli Neuroscience Discovery Institute},
 author = {Vogelstein, Joshua T.},
 author+an = {1=highlight},
 month = {June},
 title = {\href{https://neurodata.io/talks/BSI-google.html}{Data Intensive Brain Science}},
 year = {2018}
}

@inproceedings{dibs2018,
 address = {Johns Hopkins University Biomedical Engineering},
 author = {Vogelstein, Joshua T.},
 author+an = {1=highlight},
 month = {March},
 title = {\href{https://neurodata.io/talks/dibs.html}{Engineering the Future of Medicine: Data Intensive Biomedical Science}},
 year = {2018}
}

@inproceedings{china2017,
 address = {JHU BME and Tsinghua University},
 author = {Vogelstein, Joshua T.},
 author+an = {1=highlight},
 title = {\href{https://neurodata.io/talks/china.html}{The International Brain Station (TIBS)}},
 year = {2017}
}

@inproceedings{kndi2016,
 address = {Kavli Foundation},
 author = {Vogelstein, Joshua T.},
 author+an = {1=highlight},
 title = {\href{https://neurodata.io/talks/kndi.html}{The International Brain Station (TIBS)}},
 year = {2016}
}

@inproceedings{neurostorm2017,
 address = {Global Brain Workshop 2 JHU},
 author = {Vogelstein, Joshua T.},
 author+an = {1=highlight},
 title = {\href{https://neurodata.io/talks/neurostorm.html}{NeuroStorm}},
 year = {2017}
}


@inproceedings{sfnDC2017,
 address = {Society for Neuroscience: DC Metro Area Chapter Keynote
Address},
 author = {Vogelstein, Joshua T},
 author+an = {1=highlight},
 title = {\href{https://neurodata.io/talks/sfn17.html}{Challenges and Opportunities in Big Data for Neuroscientists}},
 year = {2017}
}


@inproceedings{OncGetCon,
 address = {Institute of Neuroinformatics},
 author = {Vogelstein, Joshua T},
 author+an = {1=highlight},
 title = {{Once we get connectomes, what the \%\#* are we going to do with them?}},
 year = {2011}
}

@inproceedings{OpeSouPla,
 address = {Kavli},
 author = {Vogelstein, Joshua T},
 author+an = {1=highlight},
 title = {\href{http://dx.doi.org/10.6084/m9.figshare.1381926}{Open-Science Platform for Heterogeneous Brain Data: Opportunities and Challenges}},
 year = {2014}
}


@inproceedings{sfnDC2017,
 address = {Society for Neuroscience: DC Metro Area Chapter Keynote
Address},
 author = {Vogelstein, Joshua T},
 author+an = {1=highlight},
 title = {\href{https://neurodata.io/talks/sfn17.html}{Challenges and Opportunities in Big Data for Neuroscientists}},
 year = {2017}
}

@inproceedings{nd2016,
 address = {NeuroData Lab Retreat},
 author = {Vogelstein, Joshua T.},
 author+an = {1=highlight},
 title = {\href{https://neurodata.io/talks/nd2016.html}{NeuroData 2016}},
 year = {2016}
}

@inproceedings{ODEN2018,
 address = {Global Brain Workshop NSF+JHU at Kavli},
 author = {Vogelstein, Joshua T.},
 author+an = {1=highlight},
 title = {\href{https://neurodata.io/talks/ODEN.html}{Global Brain Workshop 2016}},
 year = {2016}
}

@inproceedings{post2016,
 address = {Kavli Neuroscience Discovery Institute \& Center for Imaging Science},
 author = {Vogelstein, Joshua T.},
 author+an = {1=highlight},
 title = {\href{https://neurodata.io/talks/post.html}{Global Brain Workshop 2016}},
 year = {2016}
}

@inproceedings{open2016,
 address = {Kavli Neuroscience Discovery Institute \& Center for Imaging Science @ JHU},
 author = {Vogelstein, Joshua T. and Miller, Michael I. and Hunganir, Richard},
 author+an = {1=highlight},
 title = {\href{https://neurodata.io/talks/open.html}{Global Brain Workshop 2016}},
 year = {2016}
}

@inproceedings{src2016,
 address = {Kavli Neuroscience Discovery Institute \& Center for Imaging Science},
 author = {Vogelstein, Joshua T.},
 author+an = {1=highlight},
 title = {\href{https://neurodata.io/talks/src.html}{Learning a Data-Driven Nosology:Progress, Challenges \& Opportunities}},
 year = {2016}
}

@inproceedings{KavSpeSymp,
 address = {Kavli},
 author = {Vogelstein, Joshua T},
 author+an = {1=highlight},
 title = {\href{http://www.kavlifoundation.org/special-symposium-neuroscience-21st-century}{Special Symposium: Neuroscience in the 21st Century}},
 year = {2015}
}

@inproceedings{LowBarEnt,
 address = {Institute for Computational Medicine at Johns Hopkins University},
 author = {Vogelstein, Joshua T},
 author+an = {1=highlight},
 title = {\href{http://dx.doi.org/10.6084/m9.figshare.1515876}{Open Connectome Project: Lowering the Barrier to Entry of Big Data Neuroscience}},
 year = {2015}
}

@inproceedings{BigNeuSta,
 address = {Kavli Salon},
 author = {Vogelstein, Joshua T},
 author+an = {1=highlight},
 publisher = {Big Data: Practice Across Disciplines},
 title = {\href{http://figshare.com/articles/Big\_Neuro\_Statistics/1142907}{Big (Neuro) Statistics}},
 year = {2014}
}

@inproceedings{opensource2015,
 address = {figshare},
 author = {Vogelstein, Joshua T.},
 author+an = {1=highlight},
 title = {\href{https://figshare.com/articles/Open_Source_Platform_for_Heterogeneous_Brain_Data/1381926}{Open Source Platform for Heterogenous Brain Data}},
 year = {2015}
}

@inproceedings{DecTheApp,
 address = {guest Lecture in Current Topics in Machine Learning, Johns Hopkins University},
 author = {Vogelstein, Joshua T},
 author+an = {1=highlight},
 title = {{Decision Theoretic Approach to Statistical Inference}},
 year = {2012}
}

@inproceedings{ndtools,
 address = {NeuroData Hackashop},
 author = {Vogelstein, Joshua T.},
 author+an = {1=highlight},
 month = {March},
 title = {\href{https://neurodata.io/talks/tools19.html}{NeuroData Tools}},
 year = {2019}
}

@inproceedings{sfn2016,
 address = {Kavli Neuroscience Discovery Institute \& Center for Imaging Science},
 author = {Vogelstein, Joshua T.},
 author+an = {1=highlight},
 title = {\href{https://neurodata.io/talks/sfn.html}{NeuroData:Enabling Terascale Neuroscience}},
 year = {2016}
}

@inproceedings{brain2016,
 address = {JHU Kavli Neuroscience Discovery Institute},
 author = {Vogelstein, Joshua T.},
 author+an = {1=highlight},
 title = {\href{https://neurodata.io/talks/brain2016.html}{NeuroData:Enabling Terascale Neuroscience}},
 year = {2016}
}

@inproceedings{InfSpiTim,
 address = {Department of Applied Mathematics and Statistics, Johns Hopkins University},
 author = {Vogelstein, Joshua T},
 author+an = {1=highlight},
 title = {\href{http://dx.doi.org/10.6084/m9.figshare.1143449}{Inferring spike times given typical time-series fluorescence observations}},
 year = {2008}
}

@inproceedings{UN2016,
 address = {United Nations Global Brain Workshop Meeting},
 author = {Vogelstein, Joshua T.},
 author+an = {1=highlight},
 title = {\href{https://neurodata.io/talks/UN.html}{The International Brain Station (TIBS)}},
 year = {2016}
}
