@inproceedings{connectomics2019,
 address = {Max Planck / HHMI Connectomics Meeting},
 author = {Vogelstein, Joshua T.},
 month = {April},
 title = {Statistical Foundations For Connectomics},
 url = {https://neurodata.io/talks/connectomics19.html},
 year = {2019}
}

@inproceedings{OpeSouPla,
 address = {Kavli},
 author = {Vogelstein, Joshua T},
 title = {\href{http://dx.doi.org/10.6084/m9.figshare.1381926}{Open-Science Platform for Heterogeneous Brain Data: Opportunities and Challenges}},
 year = {2014}
}

@inproceedings{UN2016,
 address = {United Nations Global Brain Workshop Meeting},
 author = {Vogelstein, Joshua T.},
 title = {\href{https://neurodata.io/talks/UN.html}{The International Brain Station (TIBS)}},
 year = {2016}
}

